@inbook{Murray_Dermott_book, 
        place = {Cambridge}, 
        title = {Tides, Rotation, and Shape}, 
          DOI = {10.1017/CBO9781139174817.005}, 
    booktitle = {Solar System Dynamics}, 
    publisher = {Cambridge University Press}, 
       author = {Murray, Carl D. and Dermott, Stanley F.}, 
         year = {2000}, 
        pages = {130â€“188}
}
